@book{gelman, 
	edition={3rd}, 
    title={Bayesian data analysis}, 
    publisher={Chapman \& Hall}, 
    author={Gelman, Andrew B. and Carlin, John S. and Stern, Hal S. and Rubin, Donald B.},
    year = {2013},
    pages = {300}
	},
@misc{worldhappinessreport, 
	title={World Happiness Report 2017}, 
    url={http://worldhappiness.report/}, journal={World Happiness Report}, 
    author={Helliwell, J and Layard, R and Sachs, J}
    },
@phdthesis{rolfe_2010, 
	title={Bayesian Models for Longitudinal Data}, 
    school={University of New South Wales},
    author={Rolfe, Margaret}, 
    year={2010},
    note = {Available at \url{http://eprints.qut.edu.au/34435/1/Margaret_Rolfe_Thesis.pdf}}
    },
@book{gelman_hill_2016,
    title={Data analysis using regression and multilevel/hierarchical models}, 
    publisher={Cambridge University Press}, 
    author={Gelman, Andrew and Hill, Jennifer}, 
    year={2016}
    }